<record><leader>00000cas a22000007a 4500</leader><controlfield tag="001">10471573</controlfield><controlfield tag="008">840229d17991801meuwr ne      0    0eng d</controlfield><datafield ind1=" " ind2=" " tag="010"><subfield code="a">sn 84022555 </subfield></datafield><datafield ind1=" " ind2=" " tag="040"><subfield code="a">NPX</subfield><subfield code="b">eng</subfield><subfield code="c">NPX</subfield><subfield code="d">DLC</subfield><subfield code="d">MGN</subfield><subfield code="d">MBN</subfield><subfield code="d">OCL</subfield><subfield code="d">OCLCG</subfield><subfield code="d">OCLCA</subfield><subfield code="d">OCLCF</subfield><subfield code="d">OCLCO</subfield><subfield code="d">AQM</subfield></datafield><datafield ind1="1" ind2=" " tag="029"><subfield code="a">AU@</subfield><subfield code="b">000020129041</subfield></datafield><datafield ind1=" " ind2=" " tag="042"><subfield code="a">msc</subfield></datafield><datafield ind1=" " ind2=" " tag="043"><subfield code="a">n-us-me</subfield></datafield><datafield ind1="0" ind2="0" tag="050"><subfield code="a">Newspaper</subfield></datafield><datafield ind1="0" ind2="0" tag="245"><subfield code="a">Castine journal, and the eastern advertiser.</subfield></datafield><datafield ind1=" " ind2=" " tag="260"><subfield code="a">Castine, Me. :</subfield><subfield code="b">Printed by David J. Waters,</subfield><subfield code="c">1799-1801.</subfield></datafield><datafield ind1=" " ind2=" " tag="300"><subfield code="a">v. ;</subfield><subfield code="c">64 cm.</subfield></datafield><datafield ind1=" " ind2=" " tag="310"><subfield code="a">Weekly</subfield></datafield><datafield ind1="0" ind2=" " tag="362"><subfield code="a">Vol. 1, no. 18 (May 1, 1799)-v. 3, no. 49 (Oct. 30, 1801).</subfield></datafield><datafield ind1=" " ind2="0" tag="651"><subfield code="a">Castine (Me.)</subfield><subfield code="v">Newspapers.</subfield></datafield><datafield ind1=" " ind2="7" tag="651"><subfield code="a">Maine</subfield><subfield code="z">Castine.</subfield><subfield code="2">fast</subfield><subfield code="0">(OCoLC)fst01214056</subfield></datafield><datafield ind1=" " ind2="7" tag="655"><subfield code="a">Newspapers.</subfield><subfield code="2">fast</subfield><subfield code="0">(OCoLC)fst01423814</subfield></datafield><datafield ind1=" " ind2="7" tag="655"><subfield code="a">Newspapers.</subfield><subfield code="2">rbgenr</subfield></datafield><datafield ind1="1" ind2=" " tag="700"><subfield code="a">Waters, David J.,</subfield><subfield code="d">-1804?</subfield></datafield><datafield ind1=" " ind2=" " tag="752"><subfield code="a">United States</subfield><subfield code="b">Maine</subfield><subfield code="c">Hancock</subfield><subfield code="d">Castine.</subfield></datafield><datafield ind1="0" ind2="0" tag="780"><subfield code="t">Castine journal, and universal advertiser</subfield><subfield code="w">(DLC)sn 84022554</subfield></datafield><datafield ind1="0" ind2="0" tag="785"><subfield code="t">Columbian informer and the eastern advertiser</subfield><subfield code="w">(DLC)sn 84022556</subfield></datafield></record>